<record><leader>00000cas a22000007a 4500</leader><controlfield tag="001">39263146</controlfield><controlfield tag="008">980610d185718uumaumr ne      0    0eng d</controlfield><datafield ind1=" " ind2=" " tag="010"><subfield code="a">sn 98059901 </subfield></datafield><datafield ind1=" " ind2=" " tag="040"><subfield code="a">MGN</subfield><subfield code="b">eng</subfield><subfield code="c">MGN</subfield><subfield code="d">OCLCQ</subfield></datafield><datafield ind1=" " ind2=" " tag="042"><subfield code="a">msc</subfield></datafield><datafield ind1="0" ind2=" " tag="130"><subfield code="a">Young American (Brookline, Mass.)</subfield></datafield><datafield ind1="1" ind2="4" tag="245"><subfield code="a">The young American.</subfield></datafield><datafield ind1=" " ind2=" " tag="260"><subfield code="a">Brookline, Mass. :</subfield><subfield code="b">Sampson &amp; Phillips</subfield></datafield><datafield ind1=" " ind2=" " tag="300"><subfield code="a">v.</subfield></datafield><datafield ind1=" " ind2=" " tag="310"><subfield code="a">Monthly</subfield></datafield><datafield ind1="0" ind2=" " tag="362"><subfield code="a">Vol. 1, no. 1 (Oct. 7, 1857)-</subfield></datafield><datafield ind1=" " ind2=" " tag="752"><subfield code="a">United States</subfield><subfield code="b">Massachusetts</subfield><subfield code="c">Norfolk</subfield><subfield code="d">Brookline.</subfield></datafield></record>